<record><leader>00000cas a22000007a 4500</leader><controlfield tag="001">15158328</controlfield><controlfield tag="008">870206d19041968paudn ne      0    0eng d</controlfield><datafield ind1=" " ind2=" " tag="010"><subfield code="a">sn 87078051 </subfield></datafield><datafield ind1=" " ind2=" " tag="040"><subfield code="a">NPH</subfield><subfield code="b">eng</subfield><subfield code="c">NPH</subfield><subfield code="d">OCLCQ</subfield></datafield><datafield ind1=" " ind2=" " tag="042"><subfield code="a">msc</subfield></datafield><datafield ind1="0" ind2=" " tag="130"><subfield code="a">Valley daily news (Tarentum, Pa.)</subfield></datafield><datafield ind1="1" ind2="4" tag="245"><subfield code="a">The Valley daily news.</subfield></datafield><datafield ind1=" " ind2=" " tag="260"><subfield code="a">Tarentum, Pa. :</subfield><subfield code="b">[s.n.],</subfield><subfield code="c">-1968.</subfield></datafield><datafield ind1=" " ind2=" " tag="300"><subfield code="a">v. :</subfield><subfield code="b">ill. ;</subfield><subfield code="c">58 cm.</subfield></datafield><datafield ind1=" " ind2=" " tag="310"><subfield code="a">Daily (except Sun.)</subfield></datafield><datafield ind1="1" ind2=" " tag="362"><subfield code="a">Began with June 27, 1904 issue.</subfield></datafield><datafield ind1="0" ind2=" " tag="362"><subfield code="a">-65th yr., no. 44 (Aug. 17, 1968).</subfield></datafield><datafield ind1=" " ind2=" " tag="500"><subfield code="a">"Allegheny Valley, Kiskiminetas Valley," &lt;1904&gt;; "Tarentum, Brackenridge, Natrona, Natrona Heights, Pa., " &lt;July, 1957&gt;.</subfield></datafield><datafield ind1=" " ind2=" " tag="588"><subfield code="a">Description based on: Vol. 1, no. 2 (June 28, 1904).</subfield></datafield><datafield ind1=" " ind2=" " tag="752"><subfield code="a">United States</subfield><subfield code="b">Pennsylvania</subfield><subfield code="c">Allegheny</subfield><subfield code="d">Tarentum.</subfield></datafield><datafield ind1="0" ind2=" " tag="775"><subfield code="t">Valley daily news (New Kensington, Pa.)</subfield><subfield code="w">(DLC)sn 88080784</subfield></datafield><datafield ind1="0" ind2=" " tag="775"><subfield code="t">Valley daily news (Tarentum, Pa. : Apollo ed.)</subfield><subfield code="w">(DLC)sn 88080783</subfield></datafield><datafield ind1="0" ind2="0" tag="785"><subfield code="t">Valley daily news, daily dispatch</subfield><subfield code="w">(DLC)sn 88079345</subfield></datafield></record>